<?xml version="1.0" encoding="UTF-8"?>
<record xmlns="http://www.loc.gov/MARC21/slim" xmlns:xsi="http://www.w3.org/2001/XMLSchema-instance" xsi:schemaLocation="http://www.loc.gov/MARC21/slim http://www.loc.gov/standards/marcxml/schema/MARC21slim.xsd">
<leader>     cam a2200301 a 4500</leader>
<controlfield tag="001">001576891</controlfield>
<controlfield tag="003">NNU</controlfield>
<controlfield tag="005">20061010173116.0</controlfield>
<controlfield tag="008">991027m19321935ua       b    001 0carard</controlfield>
<datafield tag="035" ind1="9" ind2=" ">
<subfield code="a">NYUb12081594</subfield>
</datafield>
<datafield tag="035" ind1=" " ind2=" ">
<subfield code="a">(CStRLIN)NYUG99-B2603</subfield>
</datafield>
<datafield tag="040" ind1=" " ind2=" ">
<subfield code="a">TxU</subfield>
<subfield code="c">TxU</subfield>
<subfield code="d">MH</subfield>
<subfield code="d">CStRLIN</subfield>
<subfield code="d">NNU</subfield>
</datafield>
<datafield tag="050" ind1=" " ind2="4">
<subfield code="a">BP70</subfield>
<subfield code="b">.I25 1932</subfield>
</datafield>
<datafield tag="066" ind1=" " ind2=" ">
<subfield code="c">(3</subfield>
</datafield>
<datafield tag="090" ind1=" " ind2=" ">
<subfield code="a">BP70</subfield>
<subfield code="b">.I28</subfield>
</datafield>
<datafield tag="100" ind1="1" ind2=" ">
<subfield code="a">Ibn al-Jazarī, Muḥammad ibn Muḥammad,</subfield>
<subfield code="d">1350-1429</subfield>
<subfield code="6">880-01</subfield>
</datafield>
<datafield tag="245" ind1="1" ind2="0">
<subfield code="6">880-02</subfield>
<subfield code="a">Ghāyat al-nihāyah fī ṭabaqāt al-qurrāʼ /</subfield>
<subfield code="c">li-Shams al-Dīn Abī al-Khayr Muḥammad ibn Muḥammad ibn al-Jazarī : ʻuniya bi-nashrih J. Birjistrāsir.</subfield>
</datafield>
<datafield tag="246" ind1="1" ind2="5">
<subfield code="a">Biographische lexikon der koranlehrer</subfield>
</datafield>
<datafield tag="260" ind1=" " ind2=" ">
<subfield code="6">880-03</subfield>
<subfield code="a">Miṣr :</subfield>
<subfield code="b">Maktabat al-Khānjī,</subfield>
<subfield code="c">[1932-1935]</subfield>
</datafield>
<datafield tag="300" ind1=" " ind2=" ">
<subfield code="a">3 v. in 2 ;</subfield>
<subfield code="c">25 cm.</subfield>
</datafield>
<datafield tag="500" ind1=" " ind2=" ">
<subfield code="a">Includes indexes.</subfield>
</datafield>
<datafield tag="505" ind1="0" ind2=" ">
<subfield code="a">al-Juzʼ 1. Ibbān -- bi-iʻtināʼ G. Bergstraesser -- al-Juzʼ 2-3. Ghāzī -- bi-iʻtināʼ G. Bergstraesser, [wa] Otto Pretzl.</subfield>
</datafield>
<datafield tag="650" ind1=" " ind2="0">
<subfield code="a">Muslims</subfield>
<subfield code="v">Biography</subfield>
<subfield code="v">Early works to 1800.</subfield>
</datafield>
<datafield tag="700" ind1="1" ind2=" ">
<subfield code="a">Bergsträsser, Gotthelf,</subfield>
<subfield code="d">1886-1933.</subfield>
</datafield>
<datafield tag="700" ind1="1" ind2=" ">
<subfield code="a">Pretzl, O.</subfield>
<subfield code="q">(Otto)</subfield>
</datafield>
<datafield tag="880" ind1="1" ind2=" ">
<subfield code="6">100-01/</subfield>
<subfield code="a">ابن الجزري، محمد بن محمد.</subfield>
</datafield>
<datafield tag="880" ind1="1" ind2="0">
<subfield code="6">245-02/</subfield>
<subfield code="a">غاية النهاية في طبقات القراء /</subfield>
<subfield code="c">لشمس الدين أبي الخير محمد بن محمد بن الجزري ؛ عناى ج. برجسترسر.</subfield>
</datafield>
<datafield tag="880" ind1=" " ind2=" ">
<subfield code="6">260-03/</subfield>
<subfield code="a">مصر :</subfield>
<subfield code="b">مكتبة الخانجي،</subfield>
<subfield code="c">[1932-1935]</subfield>
</datafield>
<datafield tag="OWN" ind1=" " ind2=" ">
<subfield code="a">GENERAL</subfield>
</datafield>
<datafield tag="998" ind1=" " ind2=" ">
<subfield code="a">19991104</subfield>
<subfield code="d">19991027</subfield>
<subfield code="d">20030605</subfield>
<subfield code="n">NNU</subfield>
<subfield code="s">1</subfield>
<subfield code="t">c</subfield>
<subfield code="z">p</subfield>
</datafield>
<datafield tag="AVA" ind1=" " ind2=" ">
<subfield code="a">NYU50</subfield>
<subfield code="b">BOBST</subfield>
<subfield code="c">Main Collection</subfield>
<subfield code="d">BP70 .I28</subfield>
<subfield code="e">unavailable</subfield>
<subfield code="t">Unavailable</subfield>
<subfield code="f">2</subfield>
<subfield code="g">2</subfield>
<subfield code="h">Y</subfield>
<subfield code="i">0</subfield>
<subfield code="j">MAIN</subfield>
<subfield code="k">0</subfield>
</datafield>
</record>
